@online{online_einleitung_cloud,
  TITLE = "Studie zu Cloud vs. Server und Big Data",
  NOTE = "Zuletzt aufgerufen am: \today",
  URL = "http://developer-week.de/Download/Studien/Studie-zu-Cloud-vs.-Server-und-Big-Data"
}

@BOOK{book_grundlagen_mainframe,
  AUTHOR = "Mike Ebbers, John Kettner, Wayne O'Brein und Bill Ogden",
  TITLE = "Introduction to the New Mainframe: z/OS Basics",
  PUBLISHER = "IBM Redbooks",
  YEAR = "2012",
  ISBN = "978-0-7384-3534-3"
}